@misc{subject:cp,
  title     = {{Computación Paralela}},
  year      = {2016/17},
  publisher = {E.T.S. Ingeniería Informática de la Universidad de valladolid}
}

@misc{tool:openmp,
  title     = {{OpenMP}},
  note      = {\url{http://www.openmp.org}},
}

@misc{code:parallel-scan-sky,
  author    = {García Prado, Sergio and Calvo Rojo, Adrián},
  title     = {{Parallel Scan Sky}},
  note      = {\url{https://github.com/garciparedes/parallel-scan-sky}},
}
