@misc{subject:cp,
  author    = {González Escribano, Arturo and Moretón Fernández,Ana and Rodríguez Gutierrez, Eduardo},
  title     = {Computación Paralela},
  year      = {2016/17},
  publisher = {E.T.S. Ingeniería Informática de la Universidad de valladolid}
}

@misc{tool:openmp,
  title     = {{OpenMP}},
  note      = {\url{http://www.openmp.org}},
}

@misc{tool:mpich,
  title     = {{MPICH  High-Performance Portable MPI}},
  note      = {\url{https://www.mpich.org}},
}

@misc{tool:cuda,
  title     = {{NVIDIA CUDA}},
  note      = {\url{https://developer.nvidia.com/cuda-zone}},
}

@misc{code:parallel-scan-sky,
  author    = {García Prado, Sergio and Calvo Rojo, Adrián},
  title     = {{Parallel Scan Sky}},
  note      = {\url{https://github.com/garciparedes/parallel-scan-sky}},
}
